@misc{etalab,
  author = {Etalab},
  title = {Dataconnexions \#2 : 6 projets d’ouverture des données publiques à l’honneur},
  year = 2013,
  howpublished = "\url{http://goo.gl/awURUc}",
  urldate = {2015-08-10}
}

@misc{REST,
   author = {Wikipédia},
   title = {Representational State Transfer --- Wikipédia, l'encyclopédie libre},
   year = 2015,
   howpublished = "\url{http://fr.wikipedia.org/w/index.php?title=Representational_State_Transfer&oldid=114184330}",
   urldate = {2015-08-11}
 }
 
@misc{dta,
	author = {Jacqueline Sala},
	title = {Lauréats et Grand Prix aux Data Intelligence Awards 2013},
	year = 2013,
	howpublished = "\url{http://www.veillemag.com/Laureats-et-Grand-Prix-aux-Data-Intelligence-Awards-2013_a2055.html}",
	urldate = {2015-08-10}

}

@misc{rmm,
	author = {Martin Fowler},
	title = {Richardson Maturity Model: steps toward the glory of REST},
	year = 2010,
	howpublished = "\url{http://martinfowler.com/articles/richardsonMaturityModel.html}",
	urldate = {2015-08-16}

}

@phdthesis{restthesise,
    title    = {Architectural Styles and the Design of Network-based Software Architectures},
    school   = {University Of California},
    author   = {Roy Thomas Fielding},
    year     = {2000}, %other attributes omitted
}